@article{BaiKung2011,
    author = {{\firstsecond {Ying Bai}, {James Kai-sing Kung}}},
    title = {Climate shocks and Sin-nomadic conflict},
    journal = {Review of Economics and Statistics},
    volume = {93},
    year = {2011},
    publisher = {MIT Press}
}

@misc{confusionmatrix,
  author = {Sarang Narkhede},
  title = {{Understanding Confusion Matrix}},
  howpublished = "\url{https://towardsdatascience.com/understanding-confusion-matrix-a9ad42dcfd62}",
  year = {2018}, 
  note = "[Online; accessed 10-April-2020]"
 }
 
@misc{RandomForest,
  author = {Yiu, Tony},
  title = {{Understanding Random Fores}},
  howpublished = "\url{https://towardsdatascience.com/understanding-random-forest-58381e0602d2}",
  year = {2019}, 
  note = "[Online; accessed 10-April-2020]"
 }
 
@misc{KNN1,
  author = {A. Soni},
  title = {{Advantages and Disadvantages of KNN}},
  howpublished = "\url{https://medium.com/@anuuz.soni/advantages-and-disadvantages-of-knn-ee06599b9336}",
  year = {July 2020},
  note = "[Online; accessed 10-April-2020]"
 }
 
 @misc{KNN2,
  author = {S.B. Imandoust and M. Bolandraftar},
  title = {{Application of k-nearest neighbor (knn) approach for predicting economic events: Theoretical background}},
  howpublished = "\url{https://citeseerx.ist.psu.edu/viewdoc/download?doi=10.1.1.389.4234&rep=rep1&type=pdf}",
  year = {2013},
  note = "[Online; accessed 10-April-2020]"
 }
 
@misc{RF1,
  author = {M. Meena},
  title = {{Applications of Random Forest}},
  howpublished = "\url{https://iq.opengenus.org/applications-of-random-forest/}",
  year = {},
  note = "[Online; accessed 10-April-2020]"
 }
 
@misc{RF2,
  author = {Great Learning Team},
  title = {{Random Forest Algorithm- An Overview}},
  howpublished = "\url{https://www.mygreatlearning.com/blog/random-forest-algorithm/}",
  year = {February 2020},
  note = "[Online; accessed 10-April-2020]"
 }


@misc{knn3,
  author = {Onel Harrison},
  title = {Machine Learning Basics with the K-Nearest Neighbors Algorithm},
  howpublished = "\url{https://towardsdatascience.com/machine-learning-basics-with-the-k-nearest-neighbors-algorithm-6a6e71d01761}",
  year = {September 10, 2018}, 
  note = "[Online; accessed 11-April-2020]"
 }
 
 
 @misc{knn4,
  author = {JavaPoint},
  title = {{K-Nearest Neighbor(KNN) Algorithm for Machine Learning}},
  howpublished = "\url{https://www.javatpoint.com/k-nearest-neighbor-algorithm-for-machine-learning}",
  year = {}, 
  note = "[Online; accessed 11-April-2020]"
 }
 
 @misc{sas_2021, 
    title={Machine Learning: What it is and why it matters}, 
    howpublished = "\url{https://www.sas.com/en_ca/insights/analytics/machine-learning.html}", 
    journal={SAS}, 
    year={2021}, 
    note = "[Online; accessed 13-April-2020]"
    }
 
 @misc{operators_2021, 
    title={Corporate overview}, 
    howpublished = "\url{https://www.cooperators.ca/en/About-Us/corporate-overview.aspx}", 
    year={2021},
    journal={The Cooperators},
    note = "[Online; accessed 13-April-2020]"
    } 
 
@misc{ibm_cloud_education_2020, 
    title={What is Supervised Learning?},
    howpublished = "\url{https://www.ibm.com/cloud/learn/supervised-learning}", 
    journal={IBM}, 
    author={IBM Cloud Education}, 
    year={2020}, 
    month={Aug},
    note = "[Online; accessed 13-April-2020]"
    } 
    
@misc{brownlee_2020, 
    title={Supervised and Unsupervised Machine Learning Algorithms}, 
    howpublished = "\url={https://machinelearningmastery.com/supervised-and-unsupervised-machine-learning-algorithms/}", 
    journal={Machine Learning Mastery}, 
    author={Brownlee, Jason}, 
    year={2020}, 
    month={Aug}
    note = "[Online; accessed 13-April-2020]"
    } 